@inproceedings{chen2016predicting,
	title={Predicting future traffic using hidden markov models"},
	author={Chen, Zhitang and Wen, Jiayao and Geng, Yanhui},
	booktitle={2016 IEEE 24th International Conference on Network Protocols (ICNP)},
	pages={1-6},
	year={2016},
	organization={IEEE}
}

@inproceedings{liu2013causes,
	title={On causes of GridFTP transfer throughput variance},
	author={Liu, Zhengyang and Veeraraghavan, Malathi and Zhou, Jianhui and Hick, Jason and Li, Yee-Ting},
	booktitle={Proceedings of the Third International Workshop on Network-Aware Data Management},
	pages={5},
	year={2013},
	organization={ACM}
}

@article{kim2018multivariate,
	title={Multivariate network traffic analysis using clustered patterns},
	author={Kim, Jinoh and Sim, Alex and Tierney, Brian and Suh, Sang and Kim, Ikkyun},
	journal={Computing},
	pages={1-23},
	year={2018},
	publisher={Springer}
}

@article{meng2016mllib,
	title={Mllib: Machine learning in apache spark},
	author={Meng, Xiangrui and Bradley, Joseph and Yavuz, Burak and Sparks, Evan and Venkataraman, Shivaram and Liu, Davies and Freeman, Jeremy and Tsai, DB and Amde, Manish and Owen, Sean},
	journal={The Journal of Machine Learning Research},
	volume={17},
	number={1},
	pages={1235--1241},
	year={2016},
	publisher={JMLR.org}
}

@article{apiletti2016selina,
	title={SeLINA: a self-learning insightful network analyzer},
	author={Apiletti, Daniele and Baralis, Elena and Cerquitelli, Tania and Garza, Paolo and Giordano, Danilo and Mellia, Marco and Venturini, Luca},
	journal={IEEE Transactions on Network and Service Management},
	volume={13},
	number={3},
	pages={696--710},
	year={2016},
	publisher={IEEE}
}

@article{maaten2008visualizing,
	title={Visualizing data using t-SNE},
	author={Maaten, Laurens Van Der and Hinton, Geoffrey},
	journal={Journal of machine learning research},
	volume={9},
	number={Nov},
	pages={2579--2605},
	year={2008}
}
